<?xml version="1.0" encoding="UTF-8"?>
<collection xmlns:xsi="http://www.w3.org/2001/XMLSchema-instance" xsi:schemaLocation="http://www.loc.gov/MARC21/slim http://www.loc.gov/standards/marcxml/schema/MARC21slim.xsd" xmlns="http://www.loc.gov/MARC21/slim">
<record>
  <leader>01450cam a2200325Li 4500</leader>
  <controlfield tag="001">2958297</controlfield>
  <controlfield tag="003">NNC</controlfield>
  <controlfield tag="005">20140723113550.0</controlfield>
  <controlfield tag="008">850225s1976    ir       b    000 0 arax </controlfield>
  <datafield tag="010" ind1=" " ind2=" ">
    <subfield code="a">   81465283 </subfield>
  </datafield>
  <datafield tag="035" ind1=" " ind2=" ">
    <subfield code="a">(OCoLC)ocm14149866</subfield>
  </datafield>
  <datafield tag="035" ind1=" " ind2=" ">
    <subfield code="9">ASK3420CU</subfield>
  </datafield>
  <datafield tag="035" ind1=" " ind2=" ">
    <subfield code="a">(NNC)2958297</subfield>
  </datafield>
  <datafield tag="035" ind1=" " ind2=" ">
    <subfield code="a">2958297</subfield>
  </datafield>
  <datafield tag="040" ind1=" " ind2=" ">
    <subfield code="a">DLC</subfield>
    <subfield code="c">NYP</subfield>
    <subfield code="d">OCL</subfield>
    <subfield code="d">ZCU</subfield>
  </datafield>
  <datafield tag="041" ind1="0" ind2=" ">
    <subfield code="a">araper</subfield>
  </datafield>
  <datafield tag="050" ind1="0" ind2=" ">
    <subfield code="a">BP166</subfield>
    <subfield code="b">.Q29 1974</subfield>
  </datafield>
  <datafield tag="100" ind1="1" ind2=" ">
    <subfield code="a">Qayṣarī, Dāwūd ibn Maḥmūd,</subfield>
    <subfield code="d">-1350 or 1351.</subfield>
  </datafield>
  <datafield tag="245" ind1="1" ind2="0">
    <subfield code="a">Rasā'il-i Qayṣarī /</subfield>
    <subfield code="c">bā ḥavāshī-i Muḥammad Riz̤ā Qumshah'ī ; bĀ ta'līq va taṣḥīḥ va muqaddamah-'i Jalāl al-Dīn Āshtīyānī.</subfield>
  </datafield>
  <datafield tag="260" ind1=" " ind2=" ">
    <subfield code="a">[Mashhad :</subfield>
    <subfield code="b">Mu'assisah-'i Chāp va Intishārāt va Girāfīk-i Dānishgāh-i Firdawsī,</subfield>
    <subfield code="c">1976]</subfield>
  </datafield>
  <datafield tag="300" ind1=" " ind2=" ">
    <subfield code="a">7,192,140 p. ;</subfield>
    <subfield code="c">25cm.</subfield>
  </datafield>
  <datafield tag="490" ind1="1" ind2=" ">
    <subfield code="a">Intishārāt-i Anjuman-i Islāmī-i Ḥikmat va Falsafah-'i Īrān;</subfield>
    <subfield code="v">shumārah-'i 56</subfield>
  </datafield>
  <datafield tag="500" ind1=" " ind2=" ">
    <subfield code="a">Text in Arabic; commentary and notes in Persian.</subfield>
  </datafield>
  <datafield tag="504" ind1=" " ind2=" ">
    <subfield code="a">Includes bibliographical references.</subfield>
  </datafield>
  <datafield tag="505" ind1="0" ind2=" ">
    <subfield code="a">al-Tawḥīd va al-nabuvvat va al-wilāyat.--Asās al-Waḥdāniyat.--Nihāyat al-bayān fī dirāyat al-zamān.</subfield>
  </datafield>
  <datafield tag="650" ind1=" " ind2="0">
    <subfield code="a">Islam</subfield>
    <subfield code="x">Doctrines</subfield>
    <subfield code="v">Early works to 1800.</subfield>
  </datafield>
  <datafield tag="700" ind1="1" ind2=" ">
    <subfield code="a">Qumshahʹī, Muḥammad Riz̤ā.</subfield>
  </datafield>
  <datafield tag="700" ind1="1" ind2=" ">
    <subfield code="a">Āshtiyānī, Jalāl al-Dīn.</subfield>
  </datafield>
  <datafield tag="830" ind1=" " ind2="0">
    <subfield code="a">Intishārāt-i Anjuman-i Islāmī-i Ḥikmat va Falsafah-ʼi Īrān ;</subfield>
    <subfield code="v">shumārah-'i 56.</subfield>
  </datafield>
  <datafield tag="955" ind1=" " ind2=" ">
    <subfield code="b">CU55322379</subfield>
    <subfield code="d">off,glx</subfield>
    <subfield code="e">BP166 .Q29 1974</subfield>
  </datafield>
</record>
</collection>